@INPROCEEDINGS{2009asrp.proc...48F,
   author = {{Feast}, M.~W.},
    title = "{The Ages, Masses, Evolution and Kinematics of Mira Variables}",
booktitle = {AGB Stars and Related Phenomena},
     year = 2009,
archivePrefix = "arXiv",
   eprint = {0812.0250},
   editor = {{Ueta}, T. and {Matsunaga}, N. and {Ita}, Y.},
    month = jan,
    pages = {48},
   adsurl = {http://adsabs.harvard.edu/abs/2009asrp.proc...48F},
  adsnote = {Provided by the SAO/NASA Astrophysics Data System}
}
@Comment Theoretical paper, gives the mass estimation of Mira

@ARTICLE{2015arXiv151201350M,
   author = {{Maercker}, M. and {Vlemmings}, W.~H.~T. and {Brunner}, M. and 
	{De Beck}, E. and {Humphreys}, E.~M. and {Kerschbaum}, F. and 
	{Lindqvist}, M. and {Olofsson}, H. and {Ramstedt}, S.},
    title = "{A detailed view of the gas shell around R Sculptoris with ALMA}",
  journal = {ArXiv e-prints},
archivePrefix = "arXiv",
   eprint = {1512.01350},
 primaryClass = "astro-ph.SR",
 keywords = {Astrophysics - Solar and Stellar Astrophysics},
     year = 2015,
    month = dec,
   adsurl = {http://adsabs.harvard.edu/abs/2015arXiv151201350M},
  adsnote = {Provided by the SAO/NASA Astrophysics Data System}
}
@Comment Observational constraints on the mass loss, Single Mira

@ARTICLE{2012OEJV..149....1H,
   author = {{Huemmerich}, S. and {Bernhard}, K.},
    title = "{New Mira variables from the MACHO Galactic Bulge Fields}",
  journal = {Open European Journal on Variable Stars},
 keywords = {Stars: AGB, Stars: Variables: Mira stars, Galaxy: Galactic Bulge},
     year = 2012,
    month = sep,
   volume = 149,
    pages = {1-12},
   adsurl = {http://adsabs.harvard.edu/abs/2012OEJV..149....1H},
  adsnote = {Provided by the SAO/NASA Astrophysics Data System}
}
@Comment Gives examples of light curve changes (MW bulge Miras)

@ARTICLE{1928PNAS...14..963G,
   author = {{Gerasimovic}, B.~P.},
    title = "{The Absolute Magnitudes of Long Period Variable Stars}",
  journal = {Proceedings of the National Academy of Science},
     year = 1928,
    month = dec,
   volume = 14,
    pages = {963-968},
      doi = {10.1073/pnas.14.12.963},
   adsurl = {http://adsabs.harvard.edu/abs/1928PNAS...14..963G},
  adsnote = {Provided by the SAO/NASA Astrophysics Data System}
}
@Comment Mira PL relation suggested by

@ARTICLE{2003MNRAS.343...67G,
   author = {{Glass}, I.~S. and {Evans}, T.~L.},
    title = "{The calibrating stars of the Mira P-L relation}",
  journal = {\mnras},
 keywords = {stars: AGB and post-AGB, stars: variables: other},
     year = 2003,
    month = jul,
   volume = 343,
    pages = {67-74},
      doi = {10.1046/j.1365-8711.2003.06632.x},
   adsurl = {http://adsabs.harvard.edu/abs/2003MNRAS.343...67G},
  adsnote = {Provided by the SAO/NASA Astrophysics Data System}
}
@Comment K-band P-L relation scatter for Miras 

@ARTICLE{2009AcA....59..239S,
   author = {{Soszy{\'n}ski}, I. and {Udalski}, A. and {Szyma{\'n}ski}, M.~K. and 
	{Kubiak}, M. and {Pietrzy{\'n}ski}, G. and {Wyrzykowski}, {\L}. and 
	{Szewczyk}, O. and {Ulaczyk}, K. and {Poleski}, R.},
    title = "{The Optical Gravitational Lensing Experiment. The OGLE-III Catalog of Variable Stars. IV. Long-Period Variables in the Large Magellanic Cloud}",
  journal = {\actaa},
archivePrefix = "arXiv",
   eprint = {0910.1354},
 primaryClass = "astro-ph.SR",
 keywords = {Stars: AGB and post-AGB, Stars: late-type, Stars: oscillations, Magellanic Clouds},
     year = 2009,
    month = sep,
   volume = 59,
    pages = {239-253},
   adsurl = {http://adsabs.harvard.edu/abs/2009AcA....59..239S},
  adsnote = {Provided by the SAO/NASA Astrophysics Data System}
}
@Comment OGLE Mira PL in LMC

@ARTICLE{2011AcA....61..217S,
   author = {{Soszy{\'n}ski}, I. and {Udalski}, A. and {Szyma{\'n}ski}, M.~K. and 
	{Kubiak}, M. and {Pietrzy{\'n}ski}, G. and {Wyrzykowski}, {\L}. and 
	{Ulaczyk}, K. and {Poleski}, R. and {Koz{\l}owski}, S. and {Pietrukowicz}, P.
	},
    title = "{The Optical Gravitational Lensing Experiment. The OGLE-III Catalog of Variable Stars. XIII. Long-Period Variables in the Small Magellanic Cloud}",
  journal = {\actaa},
archivePrefix = "arXiv",
   eprint = {1109.1143},
 primaryClass = "astro-ph.SR",
 keywords = {Stars: AGB and post-AGB, Stars: late-type, Stars: oscillations (including pulsations), Magellanic Clouds},
     year = 2011,
    month = sep,
   volume = 61,
    pages = {217-230},
   adsurl = {http://adsabs.harvard.edu/abs/2011AcA....61..217S},
  adsnote = {Provided by the SAO/NASA Astrophysics Data System}
}
@Comment OGLE Mira PL in SMC

@ARTICLE{2013AcA....63...21S,
   author = {{Soszy{\'n}ski}, I. and {Udalski}, A. and {Szyma{\'n}ski}, M.~K. and 
	{Kubiak}, M. and {Pietrzy{\'n}ski}, G. and {Wyrzykowski}, {\L}. and 
	{Ulaczyk}, K. and {Poleski}, R. and {Koz{\l}owski}, S. and {Pietrukowicz}, P. and 
	{Skowron}, J.},
    title = "{The Optical Gravitational Lensing Experiment. The OGLE-III Catalog of Variable Stars. XV. Long-Period Variables in the Galactic Bulge}",
  journal = {\actaa},
archivePrefix = "arXiv",
   eprint = {1304.2787},
 primaryClass = "astro-ph.SR",
 keywords = {Stars: AGB and post-AGB, Stars: late-type, Stars: oscillations (including pulsations), Galaxy: center},
     year = 2013,
    month = mar,
   volume = 63,
    pages = {21-36},
   adsurl = {http://adsabs.harvard.edu/abs/2013AcA....63...21S},
  adsnote = {Provided by the SAO/NASA Astrophysics Data System}
}
@Comment OGLE Mira PL in Galactic Bulge

@ARTICLE{1992AcA....42..253U,
   author = {{Udalski}, A. and {Szymanski}, M. and {Kaluzny}, J. and {Kubiak}, M. and 
	{Mateo}, M.},
    title = "{The Optical Gravitational Lensing Experiment}",
  journal = {\actaa},
 keywords = {Charge Coupled Devices, Galactic Bulge, Gravitational Lenses, Star Distribution, Statistical Analysis, Galactic Clusters, Galactic Halos, Variable Stars},
     year = 1992,
   volume = 42,
    pages = {253-284},
   adsurl = {http://adsabs.harvard.edu/abs/1992AcA....42..253U},
  adsnote = {Provided by the SAO/NASA Astrophysics Data System}
}
@Comment The first paper of OGLE

@INPROCEEDINGS{1993ASPC...43..291A,
   author = {{Alcock}, C. and {Allsman}, R.~A. and {Axelrod}, T.~S. and {Bennett}, D.~P. and 
	{Cook}, K.~H. and {Park}, H.~S. and {Marshall}, S.~L. and {Stubbs}, C.~W. and 
	{Griest}, K. and {Perlmutter}, S. and {Sutherland}, W. and {Freeman}, K.~C. and 
	{Peterson}, B.~A. and {Quinn}, P.~J. and {Rodgers}, A.~W.},
    title = "{The MACHO Project - a Search for the Dark Matter in the Milky-Way}",
booktitle = {Sky Surveys. Protostars to Protogalaxies},
     year = 1993,
   series = {Astronomical Society of the Pacific Conference Series},
   volume = 43,
   editor = {{Soifer}, B.~T.},
    month = jan,
    pages = {291},
   adsurl = {http://adsabs.harvard.edu/abs/1993ASPC...43..291A},
  adsnote = {Provided by the SAO/NASA Astrophysics Data System}
}
@Comment The first paper of MACHO project

@MISC{2013hst..prop13445B,
   author = {{Bloom}, J.},
    title = "{Absolute Calibration of the Extragalactic Mira Period-Luminosity Relation}",
howpublished = {HST Proposal},
     year = 2013,
    month = oct,
    pages = {13445},
   adsurl = {http://adsabs.harvard.edu/abs/2013hst..prop13445B},
  adsnote = {Provided by the SAO/NASA Astrophysics Data System}
}
@Comment Extragalactic Mira search proposal (HST)

@ARTICLE{2009arXiv0912.0201L,
   author = {{LSST Science Collaboration} and {Abell}, P.~A. and {Allison}, J. and 
	{Anderson}, S.~F. and {Andrew}, J.~R. and {Angel}, J.~R.~P. and 
	{Armus}, L. and {Arnett}, D. and {Asztalos}, S.~J. and {Axelrod}, T.~S. and et al.},
    title = "{LSST Science Book, Version 2.0}",
  journal = {ArXiv e-prints},
archivePrefix = "arXiv",
   eprint = {0912.0201},
 primaryClass = "astro-ph.IM",
 keywords = {Astrophysics - Instrumentation and Methods for Astrophysics, Astrophysics - Cosmology and Extragalactic Astrophysics, Astrophysics - Earth and Planetary Astrophysics, Astrophysics - Galaxy Astrophysics, Astrophysics - Solar and Stellar Astrophysics},
     year = 2009,
    month = dec,
   adsurl = {http://adsabs.harvard.edu/abs/2009arXiv0912.0201L},
  adsnote = {Provided by the SAO/NASA Astrophysics Data System}
}
@Comment LSST science book

@ARTICLE{1998AJ....115.1016K,
   author = {{Kaluzny}, J. and {Stanek}, K.~Z. and {Krockenberger}, M. and 
	{Sasselov}, D.~D. and {Tonry}, J.~L. and {Mateo}, M.},
    title = "{DIRECT Distances to Nearby Galaxies Using Detached Eclipsing Binaries and Cepheids. I. Variables in the Field M31B}",
  journal = {\aj},
   eprint = {astro-ph/9703124},
 keywords = {GALAXIES: INDIVIDUAL: M31, BINARIES: ECLIPSING, CEPHEIDS, GALAXIES: DISTANCES AND REDSHIFTS, LOCAL GROUP},
     year = 1998,
    month = mar,
   volume = 115,
    pages = {1016-1044},
      doi = {10.1086/300235},
   adsurl = {http://adsabs.harvard.edu/abs/1998AJ....115.1016K},
  adsnote = {Provided by the SAO/NASA Astrophysics Data System}
}
@Comment DIRECT FIRST PAPER

@ARTICLE{2011ApJS..193...26P,
   author = {{Pellerin}, A. and {Macri}, L.~M.},
    title = "{The M 33 Synoptic Stellar Survey. I. Cepheid Variables}",
  journal = {\apjs},
 keywords = {galaxies: individual: M 33, stars: variables: Cepheids},
     year = 2011,
    month = apr,
   volume = 193,
      eid = {26},
    pages = {26},
      doi = {10.1088/0067-0049/193/2/26},
   adsurl = {http://adsabs.harvard.edu/abs/2011ApJS..193...26P},
  adsnote = {Provided by the SAO/NASA Astrophysics Data System}
}
@Comment Pellerin M33 follow up observations and data products

@ARTICLE{1976Ap&SS..39..447L,
   author = {{Lomb}, N.~R.},
    title = "{Least-squares frequency analysis of unequally spaced data}",
  journal = {\apss},
 keywords = {Astronomy, Data Reduction, Least Squares Method, Background Noise, Power Spectra, Sine Waves, Spectrum Analysis, Statistical Analysis, Variable Stars},
     year = 1976,
    month = feb,
   volume = 39,
    pages = {447-462},
      doi = {10.1007/BF00648343},
   adsurl = {http://adsabs.harvard.edu/abs/1976Ap%26SS..39..447L},
  adsnote = {Provided by the SAO/NASA Astrophysics Data System}
}
@Comment Lomb-Scargle method: Lomb

@ARTICLE{1982ApJ...263..835S,
   author = {{Scargle}, J.~D.},
    title = "{Studies in astronomical time series analysis. II - Statistical aspects of spectral analysis of unevenly spaced data}",
  journal = {\apj},
 keywords = {Astronomy, Signal Detection, Spectrum Analysis, Statistical Distributions, Time Series Analysis, Fourier Transformation, Frequency Response, Power Spectra, Signal To Noise Ratios},
     year = 1982,
    month = dec,
   volume = 263,
    pages = {835-853},
      doi = {10.1086/160554},
   adsurl = {http://adsabs.harvard.edu/abs/1982ApJ...263..835S},
  adsnote = {Provided by the SAO/NASA Astrophysics Data System}
}
@Comment Lomb-Scargle method: Scargle

@ARTICLE{1895MNRAS..56...70R,
   author = {{Roberts}, I.},
    title = "{photograph of the spiral nebula M 33 Trianguli}",
  journal = {\mnras},
     year = 1895,
    month = dec,
   volume = 56,
    pages = {70},
      doi = {10.1093/mnras/56.2.70},
   adsurl = {http://adsabs.harvard.edu/abs/1895MNRAS..56...70R},
  adsnote = {Provided by the SAO/NASA Astrophysics Data System}
}
@Comment The appearent size of M33

@ARTICLE{1987PASP...99..191S,
   author = {{Stetson}, P.~B.},
    title = "{DAOPHOT - A computer program for crowded-field stellar photometry}",
  journal = {\pasp},
 keywords = {Algorithms, Astronomical Photometry, Computer Programs, Charge Coupled Devices, Color-Magnitude Diagram, Magellanic Clouds, Point Spread Functions, Television Cameras},
     year = 1987,
    month = mar,
   volume = 99,
    pages = {191-222},
      doi = {10.1086/131977},
   adsurl = {http://adsabs.harvard.edu/abs/1987PASP...99..191S},
  adsnote = {Provided by the SAO/NASA Astrophysics Data System}
}
@Comment STETSON'S DAOPHOT, ALLSTAR

@ARTICLE{1994PASP..106..250S,
   author = {{Stetson}, P.~B.},
    title = "{The center of the core-cusp globular cluster M15: CFHT and HST Observations, ALLFRAME reductions}",
  journal = {\pasp},
 keywords = {Astronomical Photometry, Color-Color Diagram, Color-Magnitude Diagram, Globular Clusters, Calibrating, Data Reduction, Hubble Space Telescope},
     year = 1994,
    month = mar,
   volume = 106,
    pages = {250-280},
      doi = {10.1086/133378},
   adsurl = {http://adsabs.harvard.edu/abs/1994PASP..106..250S},
  adsnote = {Provided by the SAO/NASA Astrophysics Data System}
}
@Comment STETSON'S ALLFRAME

@ARTICLE{2006AJ....131.2478M,
   author = {{Massey}, P. and {Olsen}, K.~A.~G. and {Hodge}, P.~W. and {Strong}, S.~B. and 
	{Jacoby}, G.~H. and {Schlingman}, W. and {Smith}, R.~C.},
    title = "{A Survey of Local Group Galaxies Currently Forming Stars. I. UBVRI Photometry of Stars in M31 and M33}",
  journal = {\aj},
   eprint = {astro-ph/0602128},
 keywords = {Catalogs, Galaxies: Individual: Messier Number: M31, Galaxies: Individual: Messier Number: M33, Galaxies: Stellar Content, Stars: Early-Type, Stars: Supergiants, Surveys},
     year = 2006,
    month = may,
   volume = 131,
    pages = {2478-2496},
      doi = {10.1086/503256},
   adsurl = {http://adsabs.harvard.edu/abs/2006AJ....131.2478M},
  adsnote = {Provided by the SAO/NASA Astrophysics Data System}
}
@Comment Massey's calibration of M33

@ARTICLE{1996PASP..108..851S,
   author = {{Stetson}, P.~B.},
    title = "{On the Automatic Determination of Light-Curve Parameters for Cepheid Variables}",
  journal = {\pasp},
 keywords = {CEPHEIDS, METHODS: NUMERICAL},
     year = 1996,
    month = oct,
   volume = 108,
    pages = {851},
      doi = {10.1086/133808},
   adsurl = {http://adsabs.harvard.edu/abs/1996PASP..108..851S},
  adsnote = {Provided by the SAO/NASA Astrophysics Data System}
}
@Comment STETSON'S variability index
